<?xml version="1.0" encoding="UTF-8"?><collection xmlns="http://www.loc.gov/MARC21/slim"><record><leader>00491nam--2200169-i-4500</leader><controlfield tag="001">000016621</controlfield><controlfield tag="002">20161230</controlfield><controlfield tag="005">20170126151915</controlfield><controlfield tag="008">060222s1000------------r-----000-0-eng-d</controlfield><datafield ind1=" " ind2=" " tag="040"><subfield code="a">IFIN-HH</subfield></datafield><datafield ind1=" " ind2=" " tag="080"><subfield code="a">539.1.076</subfield></datafield><datafield ind1="1" ind2=" " tag="100"><subfield code="a">Casado, Maria Pilar</subfield></datafield><datafield ind1="1" ind2="0" tag="245"><subfield code="a">Energy Reconstruction in a Composite Calosrimeter for the Atlas Experiment</subfield><subfield code="c">Maria Pilar Casado</subfield></datafield><datafield ind1=" " ind2=" " tag="260"><subfield code="a">Barcelona</subfield><subfield code="b">Universitat</subfield><subfield code="c">1996</subfield></datafield><datafield ind1=" " ind2=" " tag="300"><subfield code="a">80 P</subfield></datafield><datafield ind1=" " ind2=" " tag="852"><subfield code="a">80622</subfield><subfield code="c">539.1.07:539.1.08</subfield></datafield><datafield ind1=" " ind2=" " tag="CAT"><subfield code="a">SYS</subfield><subfield code="c">20170126</subfield><subfield code="h">151915</subfield></datafield></record></collection>